%% This BibTeX bibliography file was created using BibDesk.
%% http://bibdesk.sourceforge.net/
% Encoding: UTF-8

%% This BibTeX bibliography file was created using BibDesk.
%% http://bibdesk.sourceforge.net/
% Encoding: UTF-8

@article{douglas2023conspiracy,
  title={What are conspiracy theories? A definitional approach to their correlates, consequences, and communication},
  author={Douglas, Karen M and Sutton, Robbie M},
  journal={Annual review of psychology},
  volume={74},
  pages={271--298},
  year={2023},
  publisher={Annual Reviews}
}

@article{giachanou2023detection,
  title={Detection of conspiracy propagators using psycho-linguistic characteristics},
  author={Giachanou, Anastasia and Ghanem, Bilal and Rosso, Paolo},
  journal={Journal of Information Science},
  volume={49},
  number={1},
  pages={3--17},
  year={2023},
  publisher={SAGE Publications Sage UK: London, England}
}

@inproceedings{das2014adaptive,
  title={Adaptive stream processing using dynamic batch sizing},
  author={Das, Tathagata and Zhong, Yuan and Stoica, Ion and Shenker, Scott},
  booktitle={Proceedings of the ACM Symposium on Cloud Computing},
  pages={1--13},
  year={2014}
}

@article{yedida2019novel,
  title={A novel adaptive learning rate scheduler for deep neural networks},
  author={Yedida, Rahul and Saha, Snehanshu},
  journal={arXiv preprint arXiv:1902.07399},
  year={2019}
}

@article{Liu2019RoBERTaAR,
  title={RoBERTa: A Robustly Optimized BERT Pretraining Approach},
  author={Yinhan Liu and Myle Ott and Naman Goyal and Jingfei Du and Mandar Joshi and Danqi Chen and Omer Levy and Mike Lewis and Luke Zettlemoyer and Veselin Stoyanov},
  journal={ArXiv},
  year={2019},
  volume={abs/1907.11692},
  url={https://api.semanticscholar.org/CorpusID:198953378}
}


@article{lobanova2023identifying,
  title={Identifying and visualizing trends in science, technology, and innovation using SciBERT},
  author={Lobanova, Polina and Bakhtin, Pavel and Sergienko, Yaroslav},
  journal={IEEE Transactions on Engineering Management},
  year={2023},
  publisher={IEEE}
}

@inproceedings{setiawan2016feature,
  title={Feature expansion using word embedding for tweet topic classification},
  author={Setiawan, Erwin B and Widyantoro, Dwi H and Surendro, Kridanto},
  booktitle={2016 10th International Conference on Telecommunication Systems Services and Applications (TSSA)},
  pages={1--5},
  year={2016},
  organization={IEEE}
}

@article{canete2023spanish,
  title={Spanish pre-trained bert model and evaluation data},
  author={Ca{\~n}ete, Jos{\'e} and Chaperon, Gabriel and Fuentes, Rodrigo and Ho, Jou-Hui and Kang, Hojin and P{\'e}rez, Jorge},
  journal={arXiv preprint arXiv:2308.02976},
  year={2023}
}

@inproceedings{carrino2022pretrained,
  title={Pretrained biomedical language models for clinical NLP in Spanish},
  author={Carrino, Casimiro Pio and Llop, Joan and P{\`a}mies, Marc and Guti{\'e}rrez-Fandi{\~n}o, Asier and Armengol-Estap{\'e}, Jordi and Silveira-Ocampo, Joaqu{\'\i}n and Valencia, Alfonso and Gonzalez-Agirre, Aitor and Villegas, Marta},
  booktitle={Proceedings of the 21st Workshop on Biomedical Language Processing},
  pages={193--199},
  year={2022}
}

@article{de2022bertin,
  title={Bertin: Efficient pre-training of a spanish language model using perplexity sampling},
  author={De la Rosa, Javier and Ponferrada, Eduardo G and Villegas, Paulo and Salas, Pablo Gonzalez de Prado and Romero, Manu and Grandury, Mar{\i}a},
  journal={arXiv preprint arXiv:2207.06814},
  year={2022}
}

@article{gutierrez2022maria,
  title={MarIA: Spanish Language Models},
  author={Guti{\'e}rrez-Fandi{\~n}o, Asier and Armengol-Estap{\'e}, Jordi and P{\`a}mies, Marc and Llop-Palao, Joan and Silveira-Ocampo, Joaquin and Carrino, Casimiro Pio and Armentano-Oller, Carme and Rodriguez-Penagos, Carlos and Gonzalez-Agirre, Aitor and Villegas, Marta},
  journal={Procesamiento del Lenguaje Natural},
  volume={68},
  pages={39--60},
  year={2022}
}

@inproceedings{liu2019accelerate,
  title={Accelerate mini-batch machine learning training with dynamic batch size fitting},
  author={Liu, Baohua and Shen, Wenfeng and Li, Peng and Zhu, Xin},
  booktitle={2019 International Joint Conference on Neural Networks (IJCNN)},
  pages={1--8},
  year={2019},
  organization={IEEE}
}

@article{ayyadevara2018word2vec,
  title={Word2vec},
  author={Ayyadevara, V Kishore and Ayyadevara, V Kishore},
  journal={Pro Machine Learning Algorithms: A Hands-On Approach to Implementing Algorithms in Python and R},
  pages={167--178},
  year={2018},
  publisher={Springer}
}

@book{altinok2021mastering,
  title={Mastering spaCy: An end-to-end practical guide to implementing NLP applications using the Python ecosystem},
  author={Altinok, Duygu},
  year={2021},
  publisher={Packt Publishing Ltd}
}

@inproceedings{fontanari2022cross,
  title={Cross-validation strategies for balanced and imbalanced datasets},
  author={Fontanari, Thomas and Fr{\'o}es, Tiago Comassetto and Recamonde-Mendoza, Mariana},
  booktitle={Brazilian Conference on Intelligent Systems},
  pages={626--640},
  year={2022},
  organization={Springer}
}

@article{covid_soft_voting_2022,
  title={A Soft-Voting Ensemble Classifier for Detecting Patients Affected by COVID-19},
  author={Manconi, Andrea and Armano, Giuliano and Gnocchi, Matteo and Milanesi, Luciano},
  journal={Applied Sciences},
  volume={12},
  number={15},
  pages={7554},
  year={2022},
  doi={10.3390/app12157554},
  publisher={MDPI}
}

@inproceedings{korencic2024oppositional,
    author = {Damir Koren\u{c}i\'{c} and Berta Chulvi and Xavier Bonet Casals and Mariona Taulé and Paolo Rosso and Francisco Rangel},
    title = {Overview of the Oppositional Thinking Analysis PAN Task at CLEF 2024},
    booktitle = {Working Notes of CLEF 2024 – Conference and Labs of the Evaluation Forum},
    editors = {Faggioli, G. and Ferro, N. and Galuscakova, P. and García Seco de Herrera},
    year = {2024}
}

@misc{spacy2,
author = {Honnibal, Matthew and Montani, Ines and Van Landeghem, Sofie and Boyd, Adriane},
title = {spaCy: Industrial-strength Natural Language Processing in Python},
year = {2020},
url = {10.5281/zenodo.1212303}
}

@article{mckew2018,
    author = {M. McKew},
    title = {The Real Lesson of the Russian Propaganda Campaign},
    journal = {Politico},
    year = {2018},
    url = {https://www.politico.com/magazine/story/2018/01/06/russia-propaganda-campaign-2016-216262}
}

@article{who2020,
    author = {World Health Organization},
    title = {Managing the COVID-19 infodemic: Promoting healthy behaviors and mitigating the harm from misinformation and disinformation},
    year = {2020},
}

@article{mcgrew2017challenge,
  title={The Challenge That's Bigger than Fake News: Civic Reasoning in a Social Media Environment.},
  author={McGrew, Sarah and Ortega, Teresa and Breakstone, Joel and Wineburg, Sam},
  journal={American educator},
  volume={41},
  number={3},
  pages={4},
  year={2017},
  publisher={ERIC}
}

@article{lewandowsky2017beyond,
  title={Beyond misinformation: Understanding and coping with the “post-truth” era},
  author={Lewandowsky, Stephan and Ecker, Ullrich KH and Cook, John},
  journal={Journal of applied research in memory and cognition},
  volume={6},
  number={4},
  pages={353--369},
  year={2017},
  publisher={Elsevier}
}

@article{pennycook2018,
    author = {G. Pennycook and D. G. Rand},
    title = {The Implied Truth Effect: Attaching Warnings to a Subset of Fake News Stories Increases Perceived Accuracy of Stories Without Warnings},
    journal = {Management Science},
    year = {2018},
    volume = {66},
    number = {11},
    pages = {4944-4957},
    doi = {10.1287/mnsc.2019.3478}
}

@article{pennycook2020implied,
  title={The implied truth effect: Attaching warnings to a subset of fake news headlines increases perceived accuracy of headlines without warnings},
  author={Pennycook, Gordon and Bear, Adam and Collins, Evan T and Rand, David G},
  journal={Management science},
  volume={66},
  number={11},
  pages={4944--4957},
  year={2020},
  publisher={INFORMS}
}

@article{shao2017spread,
  title={The spread of fake news by social bots},
  author={Shao, Chengcheng and Ciampaglia, Giovanni Luca and Varol, Onur and Flammini, Alessandro and Menczer, Filippo},
  journal={arXiv preprint arXiv:1707.07592},
  volume={96},
  number={104},
  pages={14},
  year={2017}
}

@article{lazer2018science,
  title={The science of fake news},
  author={Lazer, David MJ and Baum, Matthew A and Benkler, Yochai and Berinsky, Adam J and Greenhill, Kelly M and Menczer, Filippo and Metzger, Miriam J and Nyhan, Brendan and Pennycook, Gordon and Rothschild, David and others},
  journal={Science},
  volume={359},
  number={6380},
  pages={1094--1096},
  year={2018},
  publisher={American Association for the Advancement of Science}
}


@article{vosoughi2018spread,
  title={The spread of true and false news online},
  author={Vosoughi, Soroush and Roy, Deb and Aral, Sinan},
  journal={science},
  volume={359},
  number={6380},
  pages={1146--1151},
  year={2018},
  publisher={American Association for the Advancement of Science}
}

@article{zuckerman2017,
    author = {E. Zuckerman},
    title = {Mistrust, efficacy, and the new civics: Understanding the deep roots of the fake news problem},
    journal = {Journal of Media Literacy Education},
    year = {2017},
    volume = {9},
    number = {1},
    pages = {1-5},
    url = {http://digitalcommons.uri.edu/jmle/vol9/iss1/6}
}

@article{guess2019,
    author = {Guess A., Nagler J., and Tucker J.},
    title = {Less than you think: Prevalence and predictors of fake news dissemination on Facebook},
    journal = {Science Advances},
    year = {2019},
    volume = {5},
    number = {1},
    pages = {eaau4586},
    doi = {10.1126/sciadv.aau4586}
}

@article{brennen2020types,
  title={Types, Sources, and Claims of COVID-19 Misinformation},
  author={Brennen, J Scott and Simon, Felix M and Howard, Philip N and Nielsen, Rasmus Kleis},
  year={2020}
}



@article{mueller2019report,
  title={Report on the Investigation into Russian Interference in the 2016 Presidential Election, Volumes I and II (Redacted Version of April 18, 2019)},
  author={Mueller III, Robert S},
  year={2019}
}

@article{vanderlinden2020,
    author = {S. van der Linden, C. Panagopoulos, F. Azevedo, and J. T. Jost},
    title = {The paranoid style in American politics revisited: An ideological asymmetry in conspiratorial thinking},
    journal = {Political Psychology},
    year = {2020},
    volume = {41},
    number = {4},
    pages = {1-12},
    doi = {10.1111/pops.12681}
}

@article{lewandowsky2013,
    author = {S. Lewandowsky, W. G. K. Stritzke, A. M. Freund, K. Oberauer, and J. I. Krueger},
    title = {Misinformation, disinformation, and violent conflict: From Iraq and the “War on Terror” to future threats to peace},
    journal = {American Psychologist},
    year = {2013},
    volume = {68},
    number = {7},
    pages = {487-501},
    doi = {10.1037/a0034515}
}

@article{allcott2017,
    author = {H. Allcott and M. Gentzkow},
    title = {Social Media and Fake News in the 2016 Election},
    journal = {Journal of Economic Perspectives},
    year = {2017},
    volume = {31},
    number = {2},
    pages = {211-236},
    doi = {10.1257/jep.31.2.211}
}

@article{pennycook2019fighting,
  title={Fighting misinformation on social media using crowdsourced judgments of news source quality},
  author={Pennycook, Gordon and Rand, David G},
  journal={Proceedings of the National Academy of Sciences of the United States of America},
  volume={116},
  number={7},
  pages={2521},
  year={2019},
  publisher={National Academy of Sciences}
}

@article{cinelli2021echo,
  title={The echo chamber effect on social media},
  author={Cinelli, Matteo and De Francisci Morales, Gianmarco and Galeazzi, Alessandro and Quattrociocchi, Walter and Starnini, Michele},
  journal={Proceedings of the National Academy of Sciences},
  volume={118},
  number={9},
  pages={e2023301118},
  year={2021},
  publisher={National Acad Sciences}
}

@techreport{bursztyn2020misinformation,
  title={Misinformation during a pandemic},
  author={Bursztyn, Leonardo and Rao, Aakaash and Roth, Christopher P and Yanagizawa-Drott, David H},
  year={2020},
  institution={National Bureau of Economic Research}
}

@article{flynn2017,
    author = {D. J. Flynn, B. Nyhan, and J. Reifler},
    title = {The Nature and Origins of Misperceptions: Understanding False and Unsupported Beliefs About Politics},
    journal = {Political Psychology},
    year = {2017},
    volume = {38},
    pages = {127-150},
    doi = {10.1111/pops.12394}
}

@article{bode2015,
    author = {L. Bode and E. K. Vraga},
    title = {In Related News, That Was Wrong: The Correction of Misinformation Through Related Stories Functionality in Social Media},
    journal = {Journal of Communication},
    year = {2015},
    volume = {65},
    number = {4},
    pages = {619-638},
    doi = {10.1111/jcom.12166}
}

@misc{marcellino2021detecting,
  title={Detecting Conspirac y Theories on Social Media},
  author={Marcellino, William and Helmus, Todd C and Kerrigan, Joshua and Reininger, Hilary and Karimov, Rouslan I and Lawrence, Rebecca Ann},
  year={2021},
  publisher={London: Rand}
}

@article{bovet2019influence,
  title={Influence of fake news in Twitter during the 2016 US presidential election},
  author={Bovet, Alexandre and Makse, Hern{\'a}n A},
  journal={Nature communications},
  volume={10},
  number={1},
  pages={7},
  year={2019},
  publisher={Nature Publishing Group UK London}
}

@book{graves2016deciding,
  title={Deciding what's true: The rise of political fact-checking in American journalism},
  author={Graves, Lucas},
  year={2016},
  publisher={Columbia University Press},
  isbn = {9780231175066}
}

@article{ferrara2017disinformation,
  title={Disinformation and social bot operations in the run up to the 2017 French presidential election},
  author={Ferrara, Emilio},
  journal={arXiv preprint arXiv:1707.00086},
  year={2017}
}

@article{benhabib1986critic,
    author = {Benhabib, S.},
    title = {Critique, Norm, and Utopia: A Study of the Foundations of Critical Theory},
    journal = {Columbia University Press},
    year = {1986},
    isbn = {9780231061659}
}

@inproceedings{pogorelov2021corona,
    author = {Pogorelov, K. and Schroeder, D. T. and Brenner, S. and Langguth, J.},
    title = {FakeNews: Corona Virus and Conspiracies Multimedia Analysis Task at MediaEval 2021},
    booktitle = {MediaEval 2021},
    year = {2021},
    pages = {3}
}

@article{moffitt2021hunting,
    author = {Moffitt, J. D. and King, C. and Carley, K. M.},
    title = {Hunting Conspiracy Theories During the COVID-19 Pandemic},
    journal = {Social Media + Society},
    year = {2021},
    volume = {7},
    number = {3},
    pages = {20563051211043212},
    doi = {10.1177/20563051211043212}
}

@book{fuchs2017critical,
    author = {Fuchs, C.},
    title = {Critical Theory of Communication: New Readings of Lukács, Adorno, Marcuse, Honneth and Habermas in the Age of the Internet},
    year = {2017},
    publisher = {University of Westminster Press},
    doi = {10.16997/book1}
}

@book{wright2010sociology,
    author = {Wright, E. O.},
    title = {Envisioning Real Utopias},
    year = {2010},
    publisher = {Verso Books}
}

@article{dahlberg2007internet,
    author = {Dahlberg, L.},
    title = {Rethinking the fragmentation of the cyberpublic: from consensus to contestation},
    journal = {New Media \& Society},
    year = {2007},
    volume = {9},
    number = {5},
    pages = {827-847},
    doi = {10.1177/1461444807081228}
}


@article{marwick2017media,
  title={Media manipulation and disinformation online},
  author={Marwick, Alice E and Lewis, Rebecca},
  year={2017},
  journal={Data \& Society Research Institute}
}

@book{sunstein2014conspiracy,
  title={Conspiracy theories and other dangerous ideas},
  author={Sunstein, Cass R},
  year={2014},
  publisher={Simon and Schuster}
}

@article{pennington2014glove,
    author = {Pennington, J. and Socher, R. and Manning, C. D.},
    title = {GloVe: Global Vectors for Word Representation},
    journal = {Proceedings of the 2014 Conference on Empirical Methods in Natural Language Processing (EMNLP)},
    year = {2014},
    pages = {1532-1543}
}



@InProceedings{bevendorff:2024,
  address =               {Berlin Heidelberg New York},
  author =                {Janek Bevendorff and Xavier {Bonet-Casals} and Berta Chulvi and Daryna Dementieva and Ashaf Elnagar and Dayne Freitag and Maik Fr{\"o}be and Damir Koren{\v c}i{\'c} and Maximilian Mayerl and Animesh Mukherjee and Alexander Panchenko and Martin Potthast and Francisco Rangel and Paolo Rosso},
  booktitle =             {Experimental {IR} Meets Multilinguality, Multimodality, and Interaction. Proceedings of the Fourteenth International Conference of the {CLEF} Association ({CLEF} 2024)},
  editor =                {},
  month =                 sep,
  publisher =             {Springer},
  series =                {Lecture Notes in Computer Science},
  site =                  {Grenoble, France},
  title =                 {Overview of {PAN} 2024},
  url =                   {},
  year =                  2024
}

@article{pedregosa2011scikit,
  title={Scikit-learn: Machine Learning in Python},
  author={Pedregosa, F. and Varoquaux, G. and Gramfort, A. and Michel, V. and Thirion, B. and Grisel, O. and Blondel, M. and Prettenhofer, P. and Weiss, R. and Dubourg, V. and Vanderplas, J. and Passos, A. and Cournapeau, D. and Brucher, M. and Perrot, M. and Duchesnay, E.},
  journal={Journal of Machine Learning Research},
  volume={12},
  pages={2825--2830},
  year={2011}
}

@article{li2022survey,
  title={A survey on text classification: From traditional to deep learning},
  author={Li, Qian and Peng, Hao and Li, Jianxin and Xia, Congying and Yang, Renyu and Sun, Lichao and Yu, Philip S and He, Lifang},
  journal={ACM Transactions on Intelligent Systems and Technology (TIST)},
  volume={13},
  number={2},
  pages={1--41},
  year={2022},
  publisher={ACM New York, NY}
}

@article{he2009learning,
  title={Learning from Imbalanced Data},
  author={He, H. and Garcia, E. A.},
  journal={IEEE Transactions on Knowledge and Data Engineering},
  volume={21},
  number={9},
  pages={1263--1284},
  year={2009},
  publisher={IEEE}
}

@article{powers2020evaluation,
  title={Evaluation: From Precision, Recall and F-measure to ROC, Informedness, Markedness and Correlation},
  author={Powers, D. M.},
  journal={International Journal of Machine Learning Technology},
  volume={2},
  number={1},
  pages={37--63},
  year={2020}
}

@inproceedings{medlock2007investigating,
  title={Investigating Classification for Natural Language Processing Tasks},
  author={Medlock, B. and Briscoe, T.},
  booktitle={Proceedings of the 45th Annual Meeting of the Association of Computational Linguistics},
  pages={100--107},
  year={2007},
  organization={Association for Computational Linguistics}
}

@article{nadeau2007survey,
  title={A Survey of Named Entity Recognition and Classification},
  author={Nadeau, D. and Sekine, S.},
  journal={Lingvisticae Investigationes},
  volume={30},
  number={1},
  pages={3--26},
  year={2007},
  publisher={John Benjamins}
}

@incollection{pang2008opinion,
  title={Opinion Mining and Sentiment Analysis},
  author={Pang, B. and Lee, L.},
  booktitle={Foundations and Trends in Information Retrieval},
  volume={2},
  number={1-2},
  pages={1--135},
  year={2008},
  publisher={Now Publishers Inc.}
}

@article{matthews1975comparison,
  title={Comparison of the predicted and observed secondary structure of T4 phage lysozyme},
  author={Matthews, Brian W},
  journal={Biochimica et Biophysica Acta (BBA)-Protein Structure},
  volume={405},
  number={2},
  pages={442--451},
  year={1975},
  publisher={Elsevier}
}

@article{chicco2020advantages,
  title={The advantages of the Matthews correlation coefficient (MCC) over F1 score and accuracy in binary classification evaluation},
  author={Chicco, Davide and Jurman, Giuseppe},
  journal={BMC genomics},
  volume={21},
  pages={1--13},
  year={2020},
  publisher={Springer}
}

@article{chandola2009anomaly,
  title={Anomaly detection: A survey},
  author={Chandola, Varun and Banerjee, Arindam and Kumar, Vipin},
  journal={ACM computing surveys (CSUR)},
  volume={41},
  number={3},
  pages={1--58},
  year={2009},
  publisher={ACM New York, NY, USA}
}

@article{chawla2002smote,
  title={SMOTE: synthetic minority over-sampling technique},
  author={Chawla, Nitesh V and Bowyer, Kevin W and Hall, Lawrence O and Kegelmeyer, W Philip},
  journal={Journal of artificial intelligence research},
  volume={16},
  pages={321--357},
  year={2002}
}

@article{liu2019imbalanced,
  title={Imbalanced text classification: A term weighting approach},
  author={Liu, Bingquan and Fu, Yadong and Liu, Yajuan and Zhang, Cheng and Lu, Hongtao},
  journal={Information Sciences},
  volume={474},
  pages={96--109},
  year={2019},
  publisher={Elsevier}
}

@article{dal2019effective,
  title={Effective data classification via improved C4.5 decision tree algorithm},
  author={Dal, Sultan and Zor, Emre and Canakoglu, Esra and Bayrak, Mehmet and Eryigit, Resul},
  journal={International Journal of Computational Intelligence Systems},
  volume={12},
  number={1},
  pages={627--637},
  year={2019},
  publisher={Atlantis Press}
}

@article{sokolova2009systematic,
  title={A systematic analysis of performance measures for classification tasks},
  author={Sokolova, Marina and Lapalme, Guy},
  journal={Information Processing \& Management},
  volume={45},
  number={4},
  pages={427--437},
  year={2009},
  publisher={Elsevier}
}

@article{perez2020evaluation,
  title={Evaluation of machine learning algorithms and classifiers for sentiment analysis},
  author={Perez, Maria and Teredesai, Ankur},
  journal={Journal of Information Processing \& Management},
  volume={46},
  number={2},
  pages={123--137},
  year={2020},
  publisher={Elsevier}
}

@inproceedings{da2020semeval,
  title={SemEval-2020 Task 11: Detection of Propaganda Techniques in News Articles},
  author={Da San Martino, Giovanni and Barr{\'o}n-Cede{\~n}o, Alberto and Wachsmuth, Henning and Petrov, Rostislav and Nakov, Preslav},
  booktitle={Proceedings of the Fourteenth Workshop on Semantic Evaluation},
  pages={1377--1414},
  year={2020}
}

@inproceedings{potthast-etal-2010-evaluation,
    title = "An Evaluation Framework for Plagiarism Detection",
    author = "Potthast, Martin  and
      Stein, Benno  and
      Barr{\'o}n-Cede{\~n}o, Alberto  and
      Rosso, Paolo",
    editor = "Huang, Chu-Ren  and
      Jurafsky, Dan",
    booktitle = "Coling 2010: Posters",
    month = aug,
    year = "2010",
    address = "Beijing, China",
    publisher = "Coling 2010 Organizing Committee",
    url = "https://aclanthology.org/C10-2115",
    pages = "997--1005",
}

@article{li2020survey,
  title={A survey on recent advances in named entity recognition from deep learning models},
  author={Li, Jing and Sun, Aixin and Han, Jialong and Li, Chenliang},
  journal={Proceedings of the AAAI Conference on Artificial Intelligence},
  volume={34},
  number={05},
  pages={7794--7801},
  year={2020}
}

@article{https://doi.org/10.1111/exsy.13671,
author = {Korenčić, Damir and Chulvi, Berta and Casals, Xavier Bonet and Toselli, Alejandro and Taulé, Mariona and Rosso, Paolo},
title = {What distinguishes conspiracy from critical narratives? A computational analysis of oppositional discourse},
journal = {Expert Systems},
volume = {n/a},
number = {n/a},
pages = {e13671},
keywords = {conspiracy theories, NLP for computational social science, oppositional thinking, sequence labelling, text classification},
doi = {https://doi.org/10.1111/exsy.13671},
url = {https://onlinelibrary.wiley.com/doi/abs/10.1111/exsy.13671},
eprint = {https://onlinelibrary.wiley.com/doi/pdf/10.1111/exsy.13671},
abstract = {Abstract The current prevalence of conspiracy theories on the internet is a significant issue, tackled by many computational approaches. However, these approaches fail to recognize the relevance of distinguishing between texts which contain a conspiracy theory and texts which are simply critical and oppose mainstream narratives. Furthermore, little attention is usually paid to the role of inter-group conflict in oppositional narratives. We contribute by proposing a novel topic-agnostic annotation scheme that differentiates between conspiracies and critical texts, and that defines span-level categories of inter-group conflict. We also contribute with the multilingual XAI-DisInfodemics corpus (English and Spanish), which contains a high-quality annotation of Telegram messages related to COVID-19 (5000 messages per language). We also demonstrate the feasibility of an NLP-based automatization by performing a range of experiments that yield strong baseline solutions. Finally, we perform an analysis which demonstrates that the promotion of intergroup conflict and the presence of violence and anger are key aspects to distinguish between the two types of oppositional narratives, that is, conspiracy versus critical.}
}

@article{howard2018universal,
  title={Universal language model fine-tuning for text classification},
  author={Howard, Jeremy and Ruder, Sebastian},
  journal={arXiv preprint arXiv:1801.06146},
  year={2018}
}

@article{smith2018disciplined,
  title={A disciplined approach to neural network hyper-parameters: Part 1--learning rate, batch size, momentum, and weight decay},
  author={Smith, Leslie N},
  journal={arXiv preprint arXiv:1803.09820},
  year={2018}
}

@misc{unesco2020,
  title={The COVID-19 conspiracy theory: Online data analysis and its impact},
  author={UNESCO},
  year={2020},
  howpublished={\url{https://www.unesco.org/en/articles/fightbiodiversityloss/covid-19}},
  note={Accessed: 2024-09-15}
}

@inproceedings{holur2022insider,
  title={Which side are you on? Insider-outsider classification in conspiracy-theoretic social media},
  author={Holur, Preetham and Wang, Tzu-Yun and Shahsavari, Shiva and Tangherlini, Timothy R and Roychowdhury, Vwani P},
  booktitle={Proceedings of the 60th Annual Meeting of the Association for Computational Linguistics (Volume 1: Long Papers)},
  pages={4975--4987},
  year={2022},
  organization={ACL}
}

@article{langguth2023coco,
  title={COCO: An Annotated Twitter Dataset of COVID-19 Conspiracy Theories},
  author={Langguth, Jens and Schroeder, Dominik T and Filkuková, Petra and Brenner, Steffen and Phillips, Jake and Pogorelov, Konstantin},
  journal={Journal of Computational Social Science},
  year={2023},
  publisher={Springer}
}

@inproceedings{bassignana2018hurtlex,
  title={Hurtlex: A multilingual lexicon of words to hurt},
  author={Bassignana, Elisa and Basile, Valerio and Patti, Viviana and others},
  booktitle={CEUR Workshop proceedings},
  volume={2253},
  pages={1--6},
  year={2018},
  organization={CEUR-WS}
}

@book{horkheimer2002dialectic,
  title={Dialectic of Enlightenment: Philosophical Fragments},
  author={Horkheimer, Max and Adorno, Theodor W},
  year={2002},
  publisher={Stanford University Press}
}

@inproceedings{brandolini2013,
  title={Bullshit Asymmetry Principle},
  author={Brandolini, Alberto},
  year={2013},
  url = {https://en.wikipedia.org/wiki/Brandolini%27s_law},
  note={Accessed: 2024-09-15}
}

@book{mulligan2015transnational,
  title={Transnational Protest and Global Activism: Ideas, Voices, and Struggles},
  author={Mulligan, Shane P and Rojo, Vicente Rafael and Featherstone, David},
  year={2015},
  publisher={Rowman \& Littlefield}
}

@book{kellner2003media,
  title={Media Spectacle and the Crisis of Democracy},
  author={Kellner, Douglas},
  year={2003},
  publisher={Paradigm Publishers}
}

@article{souder2011ethics,
  title={The ethics of scholarly peer review: a review of the literature},
  author={Souder, Lawrence},
  journal={Learned Publishing},
  volume={24},
  number={1},
  pages={55--72},
  year={2011},
  publisher={Wiley Online Library}
}


@article{giuliani2022fake,
  title={Fake news detection using textual and social features},
  author={Giuliani, Maximilian and Nunes, Bruno P and Dos Santos, André P and Silva, Anielle S and Frias, Matheus and de Lemos Meira, Silvio Ricardo},
  journal={IEEE Transactions on Computational Social Systems},
  volume={9},
  number={2},
  pages={1--12},
  year={2022},
  publisher={IEEE}
}

@inproceedings{giachanou2019leveraging,
  title={Leveraging psycholinguistic and user embedding features for fake news detection},
  author={Giachanou, Anastasia and Zhang, Zening and Rosso, Paolo},
  booktitle={Proceedings of the 28th ACM International Conference on Information and Knowledge Management (CIKM 2019)},
  pages={2341--2344},
  year={2019}
}
@article{breiman1996bagging,
  title={Bagging predictors},
  author={Breiman, Leo},
  journal={Machine learning},
  volume={24},
  number={2},
  pages={123--140},
  year={1996},
  publisher={Springer}
}

@article{breiman2001random,
  title={Random forests},
  author={Breiman, Leo},
  journal={Machine learning},
  volume={45},
  number={1},
  pages={5--32},
  year={2001},
  publisher={Springer}
}

@article{freund1997decision,
  title={A decision-theoretic generalization of on-line learning and an application to boosting},
  author={Freund, Yoav and Schapire, Robert E},
  journal={Journal of computer and system sciences},
  volume={55},
  number={1},
  pages={119--139},
  year={1997},
  publisher={Elsevier}
}

@inproceedings{chen2016xgboost,
  title={XGBoost: A scalable tree boosting system},
  author={Chen, Tianqi and Guestrin, Carlos},
  booktitle={Proceedings of the 22nd ACM SIGKDD international conference on knowledge discovery and data mining},
  pages={785--794},
  year={2016}
}

@article{friedman2001greedy,
  title={Greedy function approximation: a gradient boosting machine},
  author={Friedman, Jerome H},
  journal={Annals of statistics},
  pages={1189--1232},
  year={2001},
  publisher={JSTOR}
}

@inproceedings{ke2017lightgbm,
  title={Lightgbm: A highly efficient gradient boosting decision tree},
  author={Ke, Guolin and Meng, Qiwei and Finley, Thomas and Wang, Taifeng and Chen, Wei and Ma, Weidong and Ye, Qi and Liu, Tie-Yan},
  booktitle={Advances in neural information processing systems},
  pages={3146--3154},
  year={2017}
}

@article{wolpert1992stacked,
  title={Stacked generalization},
  author={Wolpert, David H},
  journal={Neural networks},
  volume={5},
  number={2},
  pages={241--259},
  year={1992},
  publisher={Elsevier}
}

@book{zhou2012ensemble,
  title={Ensemble methods: foundations and algorithms},
  author={Zhou, Zhi-Hua},
  year={2012},
  publisher={Chapman and Hall/CRC}
}

@book{kuncheva2004combining,
  title={Combining pattern classifiers: methods and algorithms},
  author={Kuncheva, Ludmila I},
  year={2004},
  publisher={John Wiley \& Sons}
}



@article{wolf2020transformers,
  title={Transformers: State-of-the-Art Natural Language Processing},
  author={Wolf, Thomas and Debut, Lysandre and Sanh, Victor and Chaumond, Julien and Delangue, Clement and Moi, Anthony and Cistac, Pierric and Rault, Tim and Louf, R{\'e}mi and Funtowicz, Morgan and others},
  journal={EMNLP 2020},
  pages={38},
  year={2020}
}

@inproceedings{ribeiro2016trust,
  title={Why should I trust you? Explaining the predictions of any classifier},
  author={Ribeiro, Marco Tulio and Singh, Sameer and Guestrin, Carlos},
  booktitle={Proceedings of the 22nd ACM SIGKDD international conference on knowledge discovery and data mining},
  pages={1135--1144},
  year={2016}
}

@article{zhang2020adversarial,
  title={Adversarial attacks on deep-learning models in natural language processing: A survey},
  author={Zhang, Xiaosen and Zhu, Xiang and Zhu, Yanbo},
  journal={ACM Transactions on Intelligent Systems and Technology (TIST)},
  volume={11},
  number={3},
  pages={1--41},
  year={2020},
  publisher={ACM New York, NY, USA}
}

@article{fawcett2006introduction,
  title={An Introduction to ROC Analysis},
  author={Fawcett, Tom},
  journal={Pattern Recognition Letters},
  volume={27},
  number={8},
  pages={861--874},
  year={2006},
  publisher={Elsevier}
}

@misc{jurafskyspeech,
  title={Speech and Language Processing: An Introduction to Natural Language Processing, Computational Linguistics, and Speech Recognition},
  author={Jurafsky, Daniel and Martin, James H},
  publisher={Citeseer}
}

@article{sebastiani2002machine,
  title={Machine Learning in Automated Text Categorization},
  author={Sebastiani, Fabrizio},
  journal={ACM Computing Surveys},
  volume={34},
  number={1},
  pages={1--47},
  year={2002},
  publisher={ACM}
}

@article{jones1971makes,
  title={What makes an automatic keyword classification effective?},
  author={Jones, K Sparck and Barber, EO},
  journal={Journal of the American Society for Information Science},
  volume={22},
  number={3},
  pages={166--175},
  year={1971},
  publisher={Wiley Online Library}
}

@book{dale2000handbook,
  title={Handbook of natural language processing},
  author={Dale, Robert and Moisl, Hermann and Somers, Harold},
  year={2000},
  publisher={CRC press}
}

@book{mitchell1997machine,
  title={Machine learning},
  author={Mitchell, Tom M and Mitchell, Tom M},
  volume={1},
  number={9},
  year={1997},
  publisher={McGraw-hill New York}
}

@inproceedings{joachims1998text,
  title={Text Categorization with Support Vector Machines: Learning with Many Relevant Features},
  author={Joachims, Thorsten},
  booktitle={European Conference on Machine Learning},
  pages={137--142},
  year={1998},
  organization={Springer}
}

@book{goodfellow2016deep,
  title={Deep Learning},
  author={Goodfellow, Ian and Bengio, Yoshua and Courville, Aaron},
  year={2016},
  publisher={MIT Press}
}

@inproceedings{vaswani2017attention,
 author = {Vaswani, Ashish and Shazeer, Noam and Parmar, Niki and Uszkoreit, Jakob and Jones, Llion and Gomez, Aidan N and Kaiser, \L ukasz and Polosukhin, Illia},
 booktitle = {Advances in Neural Information Processing Systems},
 editor = {I. Guyon and U. Von Luxburg and S. Bengio and H. Wallach and R. Fergus and S. Vishwanathan and R. Garnett},
 pages = {},
 publisher = {Curran Associates, Inc.},
 title = {Attention is All you Need},
 url = {https://proceedings.neurips.cc/paper_files/paper/2017/file/3f5ee243547dee91fbd053c1c4a845aa-Paper.pdf},
 volume = {30},
 year = {2017}
}

@book{bishop2006pattern,
  title={Pattern recognition and machine learning},
  author={Bishop, Christopher M and Nasrabadi, Nasser M},
  volume={4},
  number={4},
  year={2006},
  publisher={Springer}
}

@inproceedings{belinkov2018adversarial,
  title={Adversarial Attacks on Synthetic Speech Transcription},
  author={Belinkov, Yonatan and Bisk, Yonatan},
  booktitle={Proceedings of the 2018 Conference of the North American Chapter of the Association for Computational Linguistics},
  year={2018}
}

@book{peters2012multilingual,
  title={Multilingual Information Retrieval},
  author={Peters, Carol and others},
  year={2012},
  publisher={Springer}
}

@article{baltrusaitis2019multimodal,
  title={Multimodal Machine Learning: A Survey and Taxonomy},
  author={Baltrušaitis, Tadas and Ahuja, Chaitanya and Morency, Louis-Philippe},
  journal={IEEE Transactions on Pattern Analysis and Machine Intelligence},
  year={2019},
  publisher={IEEE}
}

@inproceedings{odegua2019empirical,
  title={An empirical study of ensemble techniques (bagging, boosting and stacking)},
  author={Odegua, Rising},
  booktitle={Proc. Conf.: Deep Learn. IndabaXAt},
  year={2019}
}

@article{snow2008cheap,
  title={Cheap and fast---but is it good? Evaluating non-expert annotations for natural language tasks},
  author={Snow, Rion and O'Connor, Brendan and Jurafsky, Daniel and Ng, Andrew Y},
  journal={Proceedings of the Conference on Empirical Methods in Natural Language Processing},
  year={2008}
}



@article{mikolov2013distributed,
  title={Distributed representations of words and phrases and their compositionality},
  author={Mikolov, Tomas and Sutskever, Ilya and Chen, Kai and Corrado, Greg S and Dean, Jeff},
  journal={Advances in neural information processing systems},
  volume={26},
  year={2013}
}

@inproceedings{wei2019eda,
  title={EDA: Easy Data Augmentation Techniques for Boosting Performance on Text Classification Tasks},
  author={Wei, Jason and Zou, Kai},
  booktitle={Proceedings of the 57th Annual Meeting of the Association for Computational Linguistics},
  year={2019}
}

@inproceedings{miyato2016adversarial,
  title={Adversarial Training Methods for Semi-Supervised Text Classification},
  author={Miyato, Takeru and Dai, Andrew M and Goodfellow, Ian},
  booktitle={arXiv preprint arXiv:1605.07725},
  year={2016}
}

@inproceedings{rabiner1989tutorial,
  title={A Tutorial on Hidden Markov Models and Selected Applications in Speech Recognition},
  author={Rabiner, Lawrence R.},
  booktitle={Proceedings of the IEEE},
  volume={77},
  number={2},
  pages={257--286},
  year={1989},
  publisher={Ieee}
}

@inproceedings{lafferty2001conditional,
  title={Conditional random fields: Probabilistic models for segmenting and labeling sequence data},
  author={Lafferty, John and McCallum, Andrew and Pereira, Fernando and others},
  booktitle={Icml},
  volume={1},
  number={2},
  pages={3},
  year={2001},
  organization={Williamstown, MA}
}

@article{lample2016neural,
  title={Neural Architectures for Named Entity Recognition},
  author={Lample, Guillaume and Ballesteros, Miguel and Subramanian, Sandeep and Kawakami, Kazuya and Dyer, Chris},
  journal={Proceedings of the 2016 Conference of the North American Chapter of the Association for Computational Linguistics: Human Language Technologies},
  pages={260--270},
  year={2016}
}


@inproceedings{ribeiro2016should,
  title={"Why Should I Trust You?" Explaining the Predictions of Any Classifier},
  author={Ribeiro, Marco Tulio and Singh, Sameer and Guestrin, Carlos},
  booktitle={Proceedings of the 22nd ACM SIGKDD International Conference on Knowledge Discovery and Data Mining},
  pages={1135--1144},
  year={2016}
}

@inproceedings{toutanova2003feature,
  title={Feature-rich part-of-speech tagging with a cyclic dependency network},
  author={Toutanova, Kristina and Klein, Dan and Manning, Christopher D and Singer, Yoram},
  booktitle={Proceedings of the 2003 human language technology conference of the north american chapter of the association for computational linguistics},
  pages={252--259},
  year={2003}
}

@inproceedings{lample2016neural,
  title={Neural Architectures for Named Entity Recognition},
  author={Lample, Guillaume and Ballesteros, Miguel and Subramanian, Sandeep and Kawakami, Kazuya and Dyer, Chris},
  booktitle={Proceedings of the 2016 Conference of the North American Chapter of the Association for Computational Linguistics: Human Language Technologies},
  pages={260--270},
  year={2016}
}

@inproceedings{sang2000introduction,
  title={Introduction to the CONLL-2000 Shared Task: Chunking},
  author={Sang, EF Tjong Kim and Buchholz, S},
  booktitle={Proceedings of the Fourth Conference on Computational Natural Language Learning and of the Second Learning Language in Logic Workshop (CONLL/LLL 2000). Lissabon, Portugal, 13-14 september 2000},
  pages={127--132},
  year={2000},
  organization={ACL}
}

@article{nallapati2017summarunner,
  title={SummaRuNNer: A Recurrent Neural Network Based Sequence Model for Extractive Summarization of Documents},
  author={Nallapati, Ramesh and Zhai, Feifei and Zhou, Bowen},
  journal={Proceedings of the Thirty-First AAAI Conference on Artificial Intelligence},
  pages={3075--3081},
  year={2017}
}

@inproceedings{bahdanau2014neural,
  title={Neural Machine Translation by Jointly Learning to Align and Translate},
  author={Bahdanau, Dzmitry and Cho, Kyunghyun and Bengio, Yoshua},
  booktitle={Proceedings of the 2015 International Conference on Learning Representations},
  year={2014}
}

@book{jurafsky2000speech,
  title={Speech and Language Processing: An Introduction to Natural Language Processing, Computational Linguistics, and Speech Recognition},
  author={Jurafsky, Daniel and Martin, James H.},
  year={2000},
  publisher={Prentice Hall}
}

@inproceedings{ratnaparkhi1996maximum,
  title={A maximum entropy model for part-of-speech tagging},
  author={Ratnaparkhi, Adwait},
  booktitle={Conference on empirical methods in natural language processing},
  year={1996}
}

@misc{wisdomml_hmm,
  author = {Wisdom ML},
  title = {Hidden Markov Model (HMM) in NLP: Python Implementation},
  howpublished = {\url{https://wisdomml.in/hidden-markov-model-hmm-in-nlp-python/}},
  note = {Accessed: 2024-09-20}
}

@misc{calzone_lstm,
  author = {Ottavio Calzone},
  title = {An Intuitive Explanation of LSTM},
  howpublished = {\url{https://medium.com/@ottaviocalzone/an-intuitive-explanation-of-lstm-a035eb6ab42c}},
  note = {Accessed: 2024-09-20}
}

@article{sherstinsky2020fundamentals,
  title={Fundamentals of recurrent neural network (RNN) and long short-term memory (LSTM) network},
  author={Sherstinsky, Alex},
  journal={Physica D: Nonlinear Phenomena},
  volume={404},
  pages={132306},
  year={2020},
  publisher={Elsevier}
}

@inproceedings{liu2019text,
  title={Text Summarization with Pretrained Encoders},
  author={Liu, Yang and Lapata, Mirella},
  booktitle={Proceedings of the 2019 Conference on Empirical Methods in Natural Language Processing and the 9th International Joint Conference on Natural Language Processing (EMNLP-IJCNLP)},
  pages={3730--3740},
  year={2019}
}

@book{gillespie2018custodians,
  title={Custodians of the Internet: Platforms, content moderation, and the hidden decisions that shape social media},
  author={Gillespie, Tarleton},
  year={2018},
  publisher={Yale University Press}
}

@inproceedings{rangel2020overview,
  title={Overview of the 8th author profiling task at pan 2020: Profiling fake news spreaders on twitter},
  author={Rangel, Francisco and Giachanou, Anastasia and Ghanem, Bilal Hisham Hasan and Rosso, Paolo},
  booktitle={CEUR workshop proceedings},
  volume={2696},
  pages={1--18},
  year={2020},
  organization={Sun SITE Central Europe}
}

@inproceedings{rangel2020overview,
  title={Overview of the 8th author profiling task at pan 2020: Profiling fake news spreaders on twitter},
  author={Rangel, Francisco and Giachanou, Anastasia and Ghanem, Bilal Hisham Hasan and Rosso, Paolo},
  booktitle={CEUR workshop proceedings},
  volume={2696},
  pages={1--18},
  year={2020},
  organization={Sun SITE Central Europe}
}

@inproceedings{ortega2021profiling,
  title={Profiling irony and stereotype spreaders on twitter (irostereo)},
  author={Ortega-Bueno, Reynier and Chulvi, Berta and Rangel, Francisco and Rosso, Paolo and Fersini, Elisabetta},
  booktitle={CLEF 2022 Labs and Workshops, Notebook Papers},
  year={2021}
}

@inproceedings{pogorelov2020fakenews,
  title={FakeNews: Corona Virus and 5G Conspiracy Multimedia Analysis Task at MediaEval 2020},
  author={Pogorelov, Konstantin and Langguth, Jonas and Halvorsen, P{\aa}l},
  booktitle={Proceedings of the MediaEval 2020 Multimedia Evaluation Workshop},
  year={2020},
  organization={CEUR-WS}
}

@inproceedings{pogorelov2021fakenews,
  title={FakeNews: Corona Virus and Conspiracies Multimedia Analysis Task at MediaEval 2021},
  author={Pogorelov, Konstantin and Langguth, Jonas and Halvorsen, P{\aa}l},
  booktitle={Proceedings of the MediaEval 2021 Multimedia Evaluation Workshop},
  year={2021},
  organization={CEUR-WS}
}

@inproceedings{pogorelov2022fakenews,
  title={FakeNews Detection Task at MediaEval 2022: Multimodal Approaches to Conspiracies},
  author={Pogorelov, Konstantin and Langguth, Jonas and Halvorsen, P{\aa}l},
  booktitle={Proceedings of the MediaEval 2022 Multimedia Evaluation Workshop},
  year={2022},
  organization={CEUR-WS}
}

@inproceedings{CaneteCFP2020,
  title={Spanish Pre-Trained {BERT} Model and Evaluation Data},
  author={Cañete, José and Chaperon, Gabriel and Fuentes, Rodrigo and Ho, Jou-Hui and Kang, Hojin and Pérez, Jorge},
  booktitle={Practical ML for Developing Countries Workshop at the International Conference on Learning Representations (ICLR 2020)},
  year={2020}
}

@inproceedings{devlin-etal-2019-bert,
    title = "{BERT}: Pre-training of Deep Bidirectional Transformers for Language Understanding",
    author = "Devlin, Jacob  and
      Chang, Ming-Wei  and
      Lee, Kenton  and
      Toutanova, Kristina",
    booktitle = "Proceedings of the 2019 Conference of the North {A}merican Chapter of the Association for Computational Linguistics: Human Language Technologies, Volume 1 (Long and Short Papers)",
    month = jun,
    year = "2019",
    address = "Minneapolis, Minnesota",
    publisher = "Association for Computational Linguistics",
    url = "https://www.aclweb.org/anthology/N19-1423",
    doi = "10.18653/v1/N19-1423",
    pages = "4171--4186",
}

@article{BERTIN,
    author = {Javier {de la Rosa} and Eduardo {G.~Ponferrada} and Manu Romero and Paulo Villegas and Pablo {González de Prado Salas} and María Grandury},
    title = {BERTIN: Efficient Pre-Training of a Spanish Language Model using Perplexity Sampling},
    journal = {Procesamiento del Lenguaje Natural},
    volume = {68},
    number = {0},
    year = {2022},
    keywords = {},
    abstract = {The pre-training of large language models usually requires massive amounts of resources, both in terms of computation and data. Frequently used web sources such as Common Crawl might contain enough noise to make this pretraining sub-optimal. In this work, we experiment with different sampling methods from the Spanish version of mC4, and present a novel data-centric technique which we name perplexity sampling that enables the pre-training of language models in roughly half the amount of steps and using one fifth of the data. The resulting models are comparable to the current state-of-the-art, and even achieve better results for certain tasks. Our work is proof of the versatility of Transformers, and paves the way for small teams to train their models on a limited budget.},
    issn = {1989-7553},
    pages = {13--23}
}

@inproceedings{beltagy-etal-2019-scibert,
    title = "{S}ci{BERT}: A Pretrained Language Model for Scientific Text",
    author = "Beltagy, Iz  and
      Lo, Kyle  and
      Cohan, Arman",
    editor = "Inui, Kentaro  and
      Jiang, Jing  and
      Ng, Vincent  and
      Wan, Xiaojun",
    booktitle = "Proceedings of the 2019 Conference on Empirical Methods in Natural Language Processing and the 9th International Joint Conference on Natural Language Processing (EMNLP-IJCNLP)",
    month = nov,
    year = "2019",
    address = "Hong Kong, China",
    publisher = "Association for Computational Linguistics",
    doi = "10.18653/v1/D19-1371",
    pages = "3615--3620",
}

@article{raffel2020exploring,
  title={Exploring the limits of transfer learning with a unified text-to-text transformer},
  author={Raffel, Colin and Shazeer, Noam and Roberts, Adam and Lee, Katherine and Narang, Sharan and Matena, Michael and Zhou, Yanqi and Li, Wei and Liu, Peter J},
  journal={Journal of machine learning research},
  volume={21},
  number={140},
  pages={1--67},
  year={2020}
}

@inproceedings{tiedemann2020opus,
  title={OPUS-MT--building open translation services for the world},
  author={Tiedemann, J{\"o}rg and Thottingal, Santhosh},
  booktitle={Proceedings of the 22nd annual conference of the European Association for Machine Translation},
  pages={479--480},
  year={2020}
}

@inproceedings{holur-etal-2022-side,
    title = "Which side are you on? Insider-Outsider classification in conspiracy-theoretic social media",
    author = "Holur, Pavan  and
      Wang, Tianyi  and
      Shahsavari, Shadi  and
      Tangherlini, Timothy  and
      Roychowdhury, Vwani",
    editor = "Muresan, Smaranda  and
      Nakov, Preslav  and
      Villavicencio, Aline",
    booktitle = "Proceedings of the 60th Annual Meeting of the Association for Computational Linguistics (Volume 1: Long Papers)",
    month = may,
    year = "2022",
    address = "Dublin, Ireland",
    publisher = "Association for Computational Linguistics",
    url = "https://aclanthology.org/2022.acl-long.341",
    doi = "10.18653/v1/2022.acl-long.341",
    pages = "4975--4987",
    abstract = "Social media is a breeding ground for threat narratives and related conspiracy theories. In these, an \textit{outside} group threatens the integrity of an \textit{inside} group, leading to the emergence of sharply defined group identities: \textit{Insiders} {--} agents with whom the authors identify and \textit{Outsiders} {--} agents who threaten the insiders. Inferring the members of these groups constitutes a challenging new NLP task: (i) Information is distributed over many poorly-constructed posts; (ii) Threats and threat agents are highly contextual, with the same post potentially having multiple agents assigned to membership in either group; (iii) An agent{'}s identity is often implicit and transitive; and (iv) Phrases used to imply Outsider status often do not follow common negative sentiment patterns. To address these challenges, we define a novel Insider-Outsider classification task. Because we are not aware of any appropriate existing datasets or attendant models, we introduce a labeled dataset (CT5K) and design a model (NP2IO) to address this task. NP2IO leverages pretrained language modeling to classify Insiders and Outsiders. NP2IO is shown to be robust, generalizing to noun phrases not seen during training, and exceeding the performance of non-trivial baseline models by 20{\%}.",
}

@article{stratified_cross_val,
author = {Azimi, Mohsen and Pekcan, Gokhan},
year = {2020},
month = {06},
pages = {},
title = {Structural Health Monitoring Using Extremely-compressed Data through Deep Learning},
journal = {Computer-Aided Civil and Infrastructure Engineering},
doi = {10.1111/mice.12517}
}

@article{ribeiro2016model,
  title={Model-agnostic interpretability of machine learning},
  author={Ribeiro, Marco Tulio and Singh, Sameer and Guestrin, Carlos},
  journal={arXiv preprint arXiv:1606.05386},
  year={2016}
}

@article{lundberg2017unified,
  title={A unified approach to interpreting model predictions},
  author={Lundberg, Scott},
  journal={arXiv preprint arXiv:1705.07874},
  year={2017}
}

@article{yenduri2024gpt,
  title={Gpt (generative pre-trained transformer)--a comprehensive review on enabling technologies, potential applications, emerging challenges, and future directions},
  author={Yenduri, Gokul and Ramalingam, M and Selvi, G Chemmalar and Supriya, Y and Srivastava, Gautam and Maddikunta, Praveen Kumar Reddy and Raj, G Deepti and Jhaveri, Rutvij H and Prabadevi, B and Wang, Weizheng and others},
  journal={IEEE Access},
  year={2024},
  publisher={IEEE}
}

@inproceedings{ni2022sentence,
  title={Sentence-T5: Scalable Sentence Encoders from Pre-trained Text-to-Text Models},
  author={Ni, Jianmo and Abrego, Gustavo Hernandez and Constant, Noah and Ma, Ji and Hall, Keith and Cer, Daniel and Yang, Yinfei},
  booktitle={Findings of the Association for Computational Linguistics: ACL 2022},
  pages={1864--1874},
  year={2022}
}

@inproceedings{pires2019multilingual,
  title={How Multilingual is Multilingual BERT?},
  author={Pires, Telmo and Schlinger, Eva and Garrette, Dan},
  booktitle={Proceedings of the 57th Annual Meeting of the Association for Computational Linguistics},
  pages={4996--5001},
  year={2019}
}

@article{conneau2019unsupervised,
  title={Unsupervised cross-lingual representation learning at scale},
  author={Conneau, A},
  journal={arXiv preprint arXiv:1911.02116},
  year={2019}
}

@inproceedings{oramas2017multi,
  title={Multi-label music genre classification from audio, text and images using deep features},
  author={Oramas, Sergio and Nieto Caballero, Oriol and Barbieri, Francesco and Serra, Xavier},
  booktitle={Hu X, Cunningham SJ, Turnbull D, Duan Z. ISMIR 2017. 18th International Society for Music Information Retrieval Conference; 2017 Oct 23-27; Suzhou, China.[Canada]: ISMIR; 2017. p. 23-30.},
  year={2017},
  organization={International Society for Music Information Retrieval (ISMIR)}
}

@article{ekstrom2011phi,
  title={The phi-coefficient, the tetrachoric correlation coefficient, and the Pearson-Yule Debate},
  author={Ekstr{\"o}m, Joakim},
  year={2011}
}

@article{brown2001point,
  title={Point-biserial correlation coefficients},
  author={Brown, James Dean},
  journal={Statistics},
  volume={5},
  number={3},
  pages={12--6},
  year={2001}
}

@inproceedings{alibrahim2021hyperparameter,
  title={Hyperparameter optimization: Comparing genetic algorithm against grid search and bayesian optimization},
  author={Alibrahim, Hussain and Ludwig, Simone A},
  booktitle={2021 IEEE Congress on Evolutionary Computation (CEC)},
  pages={1551--1559},
  year={2021},
  organization={IEEE}
}

@article{tulbure2024conspiracy,
  title={Conspiracy vs critical thinking using an ensemble of transformers with data augmentation techniques},
  author={Tulbure, A and Coll Ardanuy, M},
  journal={Working Notes of CLEF},
  year={2024}
}

@article{korenvcic2024distinguishes,
author = {Korenčić, Damir and Chulvi, Berta and Casals, Xavier Bonet and Toselli, Alejandro and Taulé, Mariona and Rosso, Paolo},
title = {What distinguishes conspiracy from critical narratives? A computational analysis of oppositional discourse},
journal = {Expert Systems},
pages = {e13671},
year={2024},
keywords = {conspiracy theories, NLP for computational social science, oppositional thinking, sequence labelling, text classification},
doi = {https://doi.org/10.1111/exsy.13671},
url = {https://onlinelibrary.wiley.com/doi/abs/10.1111/exsy.13671},
eprint = {https://onlinelibrary.wiley.com/doi/pdf/10.1111/exsy.13671}
}

@inproceedings{lample-etal-2016-neural,
    title = "Neural Architectures for Named Entity Recognition",
    author = "Lample, Guillaume  and
      Ballesteros, Miguel  and
      Subramanian, Sandeep  and
      Kawakami, Kazuya  and
      Dyer, Chris",
    editor = "Knight, Kevin  and
      Nenkova, Ani  and
      Rambow, Owen",
    booktitle = "Proceedings of the 2016 Conference of the North {A}merican Chapter of the Association for Computational Linguistics: Human Language Technologies",
    month = jun,
    year = "2016",
    address = "San Diego, California",
    publisher = "Association for Computational Linguistics",
    url = "https://aclanthology.org/N16-1030",
    doi = "10.18653/v1/N16-1030",
    pages = "260--270",
}

@misc{teller2000speech,
  title={Speech and language processing: an introduction to natural language processing, computational linguistics, and speech recognition},
  author={Teller, Virginia},
  year={2000},
  publisher={MIT Press One Rogers Street, Cambridge, MA 02142-1209, USA journals-info~…}
}

@inproceedings{yadav2018survey,
  title={A Survey on Recent Advances in Named Entity Recognition from Deep Learning models},
  author={Yadav, Vikas and Bethard, Steven},
  booktitle={Proceedings of the 27th International Conference on Computational Linguistics},
  pages={2145--2158},
  year={2018}
}

@inproceedings{peskine2023definitions,
  title={Definitions Matter: Guiding GPT for Multi-label Classification},
  author={Peskine, Youri and Koren{\v{c}}i{\'c}, Damir and Grubisic, Ivan and Papotti, Paolo and Troncy, Raphael and Rosso, Paolo},
  booktitle={Findings of the Association for Computational Linguistics: EMNLP 2023},
  pages={4054--4063},
  year={2023}
}

@misc{encord_metrics,
  title = {Classification Metrics: Accuracy, Precision, and Recall},
  author = {{Encord}},
  year = {2023},
  url = {https://encord.com/blog/classification-metrics-accuracy-precision-recall/},
  note = {Accessed: 2024-11-06}
}

@article{hulora,
  title={LoRA: Low-Rank Adaptation of Large Language Models},
  author={Hu, Edward and Shen, Yelong and Wallis, Phillip and Allen-Zhu, Zeyuan and Li, Yuanzhi and Wang, Shean and Chen, Weizhu}
}

@article{xiong2024fine,
  title={Fine-tuning Large Language Models for Multigenerator, Multidomain, and Multilingual Machine-Generated Text Detection},
  author={Xiong, Feng and Markchom, Thanet and Zheng, Ziwei and Jung, Subin and Ojha, Varun and Liang, Huizhi},
  journal={arXiv preprint arXiv:2401.12326},
  year={2024}
}

@inproceedings{sang2003introduction,
  title={Introduction to the CoNLL-2003 Shared Task: Language-Independent Named Entity Recognition},
  author={Sang, Erik Tjong Kim and De Meulder, Fien},
  booktitle={Proceedings of the Seventh Conference on Natural Language Learning at HLT-NAACL 2003},
  pages={142--147},
  year={2003}
}

@article{aigpt,
  title={GPT-4 Technical Report},
  author={Ai, Lets Build Your and Ai, Corporate and Ai, Restaurant}
}

@article{dubey2024llama,
  title={The llama 3 herd of models},
  author={Dubey, Abhimanyu and Jauhri, Abhinav and Pandey, Abhinav and Kadian, Abhishek and Al-Dahle, Ahmad and Letman, Aiesha and Mathur, Akhil and Schelten, Alan and Yang, Amy and Fan, Angela and others},
  journal={arXiv preprint arXiv:2407.21783},
  year={2024}
}

@article{team2023gemini,
  title={Gemini: a family of highly capable multimodal models},
  author={Team, Gemini and Anil, Rohan and Borgeaud, Sebastian and Alayrac, Jean-Baptiste and Yu, Jiahui and Soricut, Radu and Schalkwyk, Johan and Dai, Andrew M and Hauth, Anja and Millican, Katie and others},
  journal={arXiv preprint arXiv:2312.11805},
  year={2023}
}

@article{liu2023pre,
  title={Pre-train, prompt, and predict: A systematic survey of prompting methods in natural language processing},
  author={Liu, Pengfei and Yuan, Weizhe and Fu, Jinlan and Jiang, Zhengbao and Hayashi, Hiroaki and Neubig, Graham},
  journal={ACM Computing Surveys},
  volume={55},
  number={9},
  pages={1--35},
  year={2023},
  publisher={ACM New York, NY}
}

@misc{grisanti2024named,
  author       = {Isidoro Grisanti},
  title        = {Named Entity Recognition with LLMs: Extract Conversation Metadata},
  year         = {2024},
  url          = {https://medium.com/@grisanti.isidoro/named-entity-recognition-with-llms-extract-conversation-metadata-94d5536178f2},
  note         = {Accessed: 2024-11-11},
}

@article{wang2018glue,
  title={Glue: A multi-task benchmark and analysis platform for natural language understanding},
  author={Wang, Alex},
  journal={arXiv preprint arXiv:1804.07461},
  year={2018}
}

@article{brown2020language,
  title={Language models are few-shot learners},
  author={Brown, Tom B},
  journal={arXiv preprint arXiv:2005.14165},
  year={2020}
}

@article{vykopal2023disinformation,
  title={Disinformation capabilities of large language models},
  author={Vykopal, Ivan and Pikuliak, Mat{\'u}{\v{s}} and Srba, Ivan and Moro, Robert and Macko, Dominik and Bielikova, Maria},
  journal={arXiv preprint arXiv:2311.08838},
  year={2023}
}

@misc{myscale2024llama,
  title={Unlocking Llama 3.1: Comprehensive Insights \& Benchmarks},
  author={{MyScale Team}},
  year={2024},
  url={https://myscale.com/blog/top-5-insights-llama-3-1-performance-benchmarks/}
}